% Encoding: UTF-8
@STRING{ACMMM="Proceedings of the ACM International Conference on Multimedia (ACM MM)"}
@STRING{BMVC="Proceedings of the British Machine Vision Conference (BMVC)"}
@STRING{CVPR="Proceedings of the IEEE Conference on Computer Vision and Pattern Recognition (CVPR)"}
@STRING{ECCV="Proceedings of the Europeon Conference on Computer Vision (ECCV)"}
@STRING{ICCV="Proceedings of the IEEE International Conference on Computer Vision (ICCV)"}
@STRING{ICRA="Proceedings of the IEEE International Conference on Robotics and Automation (ICRA)"}
@STRING{ICME="Proceedings of the IEEE International Conference on Multimedia and Expo (ICME)"}
@STRING{ICIP="Proceedings of the IEEE International Conference on Image Processing (ICIP)"}
@STRING{ICPR="Proceedings of the International Conference on Pattern Recognition (ICPR)"}
@STRING{PRCV="Proceedings of the Chinese Conference on Pattern Recognition and Computer Vision (PRCV)"}
@STRING{ICML="Proceedings of the International Conference on Machine Learning (ICML)"}
@STRING{ICLR="Proceedings of the International Conference on Learning Representations (ICLR)"}
@STRING{NIPS="Proceedings of the Annual Conference on Neural Information Processing Systems (NeurIPS)"}
@STRING{NeurIPS="Proceedings of the Annual Conference on Neural Information Processing Systems (NeurIPS)"}
@STRING{WACV="Proceedings of the IEEE Winter Conference on Applications of Computer Vision (WACV)"}
@STRING{AAAI="Proceedings of the AAAI Conference on Artificial Intelligence (AAAI)"}
@STRING{IJCAI="Proceedings of the International Joint Conference on Artificial Intelligence (IJCAI)"}
@STRING{ACCV="Proceedings of the Asian Conference on Computer Vision (ACCV)"}
@STRING{ACMTOG= "ACM Transactions on Graphics"}
@STRING{CVIU="Computer Vision and Image Understanding"}
@STRING{IJCV="International Journal of Computer Vision"}
@STRING{JMLR="Journal of Machine Learning Research"}
@STRING{PR="Pattern Recognition"}
@STRING{TIP="IEEE Transactions on Image Processing"}
@STRING{TIT="IEEE Transactions on Information Theory"}
@STRING{TPAMI="IEEE Transactions on Pattern Analysis and Machine Intelligence"}
@STRING{TNNLS="IEEE Transactions on Neural Networks and Learning Systems"}
@STRING{TCYB="IEEE Transactions on Cybernetics"}
@STRING{TCSVT="IEEE Transactions on Circuits and Systems for Video Technology"}
@STRING{TMM="IEEE Transactions on Multimedia"}






